<?xml version="1.0" encoding="UTF-8"?><record xmlns="http://www.loc.gov/MARC21/slim" xmlns:cinclude="http://apache.org/cocoon/include/1.0" xmlns:zs="http://www.loc.gov/zing/srw/">
  <leader>00878nz  a2200169n  4500</leader>
  <controlfield tag="001">nb2008023098</controlfield>
  <controlfield tag="003">DLC</controlfield>
  <controlfield tag="005">20081101080137.0</controlfield>
  <controlfield tag="008">081030n| acannaabn          |a ana      </controlfield>
  <datafield tag="010" ind1=" " ind2=" ">
    <subfield code="a">nb2008023098</subfield>
  </datafield>
  <datafield tag="035" ind1=" " ind2=" ">
    <subfield code="a">(Uk)007270086</subfield>
  </datafield>
  <datafield tag="040" ind1=" " ind2=" ">
    <subfield code="a">Uk</subfield>
    <subfield code="b">eng</subfield>
    <subfield code="c">Uk</subfield>
  </datafield>
  <datafield tag="110" ind1="2" ind2=" ">
    <subfield code="a">Hospital Consultants and Specialists Association (Great Britain)</subfield>
  </datafield>
  <datafield tag="410" ind1="2" ind2=" ">
    <subfield code="a">HCSA</subfield>
  </datafield>
  <datafield tag="670" ind1=" " ind2=" ">
    <subfield code="a">Hospital medical staffing, 1974</subfield>
  </datafield>
  <datafield tag="670" ind1=" " ind2=" ">
    <subfield code="a">BL database, 30 Oct. 2008</subfield>
    <subfield code="b">(hdg.: Hospital Consultants and Specialists Association)</subfield>
  </datafield>
  <datafield tag="670" ind1=" " ind2=" ">
    <subfield code="a">HCSA website, 30 Oct. 2008:</subfield>
    <subfield code="b">History page (founded in 1944 as the "Association of Honorary Staffs of the Major (non-Teaching) Voluntary Hospitals" [no publs. in BL database]; name changed in 1948 to "Regional Hospitals' Consultants and Specialists Association (RHCSA)" [no publs. in BL database]; renamed the "Hospital Consultants and Specialists Association (HCSA)" in 1974)</subfield>
  </datafield>
</record>